# Fichero de bibliograf√≠a (escribir en UTF-8)
